001  0000010
005  20170114123238.147
008  170114s||||     bl|||||||||||||||||por|u
020    $a9788561191177
090    $a37.015.3$bL892e
100 1  $aLoureiro, Stefânie Arca Garrido
245 10 $aEducação humanista e diversidade$bum diálogo possível entre Paulo Freire e Martin Heidegger$cStefânie Arca Garrido Loureiro
260    $aBelo Horizonte$bNandyala$c2009
300    $a392 p.
650    $aEducação
650    $aPsicologia da Educação
650    $aHumanismo
650    $aFilosófia
700 1_ $aPaulo Freire
700 1_ $aMartin Heidegger
